<record><leader>00000cas a2200000 a 4500</leader><controlfield tag="001">10284041</controlfield><controlfield tag="008">840110d18001803vaudn ne      0   a0eng c</controlfield><datafield ind1=" " ind2=" " tag="010"><subfield code="a">sn 84024011 </subfield></datafield><datafield ind1=" " ind2=" " tag="040"><subfield code="a">NPV</subfield><subfield code="b">eng</subfield><subfield code="c">NPV</subfield><subfield code="d">NPX</subfield><subfield code="d">NPA</subfield><subfield code="d">NPU</subfield><subfield code="d">DLC</subfield><subfield code="d">IUL</subfield><subfield code="d">YOX</subfield><subfield code="d">NJW</subfield><subfield code="d">KNP</subfield><subfield code="d">MFN</subfield><subfield code="d">KNP</subfield><subfield code="d">CNK</subfield><subfield code="d">NVK</subfield><subfield code="d">OCL</subfield><subfield code="d">CVF</subfield><subfield code="d">DLC</subfield><subfield code="d">KRTAS</subfield><subfield code="d">OCLCQ</subfield><subfield code="d">OCLCF</subfield><subfield code="d">OCLCO</subfield></datafield><datafield ind1="1" ind2=" " tag="029"><subfield code="a">AU@</subfield><subfield code="b">000020228448</subfield></datafield><datafield ind1=" " ind2=" " tag="042"><subfield code="a">pcc</subfield></datafield><datafield ind1=" " ind2=" " tag="043"><subfield code="a">n-us-va</subfield></datafield><datafield ind1=" " ind2=" " tag="045"><subfield code="a">w0w0</subfield></datafield><datafield ind1="0" ind2="0" tag="050"><subfield code="a">Newspaper 10028</subfield></datafield><datafield ind1=" " ind2=" " tag="052"><subfield code="a">3883</subfield><subfield code="b">A8</subfield></datafield><datafield ind1="0" ind2="0" tag="245"><subfield code="a">Alexandria advertiser and commercial intelligencer.</subfield></datafield><datafield ind1=" " ind2=" " tag="260"><subfield code="a">Alexandria [Va.] :</subfield><subfield code="b">S. Snowden &amp; Co.,</subfield><subfield code="c">1800-1803.</subfield></datafield><datafield ind1=" " ind2=" " tag="300"><subfield code="a">v.</subfield></datafield><datafield ind1=" " ind2=" " tag="310"><subfield code="a">Daily (except Sunday)</subfield></datafield><datafield ind1="0" ind2=" " tag="362"><subfield code="a">Vol. 1, no. 1 (Dec. 8, 1800)-v. 3, no. 861 (Sept. 16, 1803).</subfield></datafield><datafield ind1=" " ind2=" " tag="530"><subfield code="a">Also issued on microfilm from Readex Microprint Corp. and the Library of Congress Photoduplication Service.</subfield></datafield><datafield ind1=" " ind2="0" tag="651"><subfield code="a">Alexandria (Va.)</subfield><subfield code="v">Newspapers.</subfield></datafield><datafield ind1=" " ind2="7" tag="655"><subfield code="a">Newspapers.</subfield><subfield code="2">fast</subfield><subfield code="0">(OCoLC)fst01423814</subfield></datafield><datafield ind1=" " ind2="7" tag="651"><subfield code="a">Virginia</subfield><subfield code="z">Alexandria.</subfield><subfield code="2">fast</subfield><subfield code="0">(OCoLC)fst01206236</subfield></datafield><datafield ind1=" " ind2=" " tag="752"><subfield code="a">United States</subfield><subfield code="b">Virginia</subfield><subfield code="d">Alexandria.</subfield></datafield><datafield ind1="0" ind2="0" tag="780"><subfield code="t">Columbian mirror and Alexandria gazette</subfield><subfield code="w">(DLC)sn 84024503</subfield></datafield><datafield ind1="0" ind2="0" tag="785"><subfield code="t">Alexandria daily advertiser</subfield><subfield code="w">(DLC)sn 84024012</subfield><subfield code="w">(OCoLC)10284052</subfield></datafield><datafield ind1=" " ind2=" " tag="938"><subfield code="a">Kirtas Technologies, Inc.</subfield><subfield code="b">KRTS</subfield><subfield code="n">738023</subfield></datafield></record>